@misc{vulkanSpec,
  title = {Vulkan® 1.2.206 - A Specification},
  author = {{K}hronos® Vulkan Working Group},
  note  =  {\url{https://www.khronos.org/registry/vulkan/specs/1.2-extensions/html/index.html}, Accessed: 23.2.2022}
}

@misc{vulkanRayTracing,
  title = {Ray Tracing In Vulkan},
  author = {{K}hronos® Vulkan Working Group},
  note  =  {\url{https://www.khronos.org/blog/ray-tracing-in-vulkan}, Accessed: 23.2.2022}
}


@misc{vulkanTutorial,
  title = {Vulkan Tutorial},
  author = {{v}ulkan {t}utorial {c}om},
  note  =  {\url{vulkan-tutorial.com}, Accessed: 23.2.2022}
}

@misc{vulkanNvidia,
  title = {Vulkan},
  author = {{T}he {N}vidia {B}log},
  note  =  {\url{https://developer.nvidia.com/vulkan}, Accessed: 23.2.2022}
}

@misc{rayRasterNvidiaBlog,
  title = {What’s the Difference Between Ray Tracing and Rasterization},
  author = {{T}he {N}vidia {B}log},
  note  =  {\url{https://blogs.nvidia.com/blog/2018/03/19/whats-difference-between-ray-tracing-rasterization}, Accessed: 23.2.2022}
}
@misc{nvidiaAmpereGpu,
  title = {Tuning CUDA Applications for NVIDIA Ampere GPU Architecture},
  author = {{N}VIDIA {C}orporation},
  note  =  {\url{https://docs.nvidia.com/cuda/ampere-tuning-guide/index.html#tuning-cuda-applications-for-ampere}, Accessed: 23.2.2022}
}

@misc{nvdiaCudaGuide,
  title = {CUDA C++ Programming Guide},
  author = {{N}VIDIA {C}orporation},
  note  =  {\url{https://docs.nvidia.com/cuda/cuda-c-programming-guide/}, Accessed: 23.2.2022}
}

@INPROCEEDINGS{traversalArticle,
author = {Won-Jong Lee, Gabor Liktor and Karthik Vaidyanathan},
title = {Flexible Ray Traversal with an Extended Programming Model},
booktitle = {Proceedings of ACM SIGGRAPH Asia 2019, Technical Brief},
year = {2019},
pages = {17-20},
}
@INPROCEEDINGS{traversalLazyBuild,
author = {Won-Jong Lee and Gabor Liktor},
title = {Lazy Build of Acceleration Structures with Traversal Shaders},
booktitle = {Proceedings of ACM SIGGRAPH Asia 2019, Technical Communication},
year = {2020},
pages = {},
}
@misc{cgLecture,
  author        = {Prof. Dr. Ing . Carsten Dachsbacher},
  title         = {Lecture slides in Computergraphics},
  month         = {Oct-Mar},
  year          = {2020/21},
}

@misc{vgcLib,
  title = {VcgLib},
  author = {Visual Computing Lab of the Italian National Research Council},
  note  =  {\url{https://github.com/cnr-isti-vclab/vcglib}, Accessed: 10.3.2022}
}

@misc{momentsingraphics,
  title = {My toy renderer},
  author = {Christoph Peters},
  note  =  {\url{https://momentsingraphics.de/}, Accessed: 10.3.2022}
}

@misc{scrathAPixel,
  title = {scratchapixel.com},
  author = {Scratchapixel},
  note  =  {\url{https://www.scratchapixel.com/}, Accessed: 10.3.2022}
}

@book{pbrBook,
author = {Pharr, Matt and Jakob, Wenzel and Humphreys, Greg},
title = {Physically Based Rendering: From Theory to Implementation},
year = {2016},
isbn = {0128006455},
publisher = {Morgan Kaufmann Publishers Inc.},
address = {San Francisco, CA, USA},
edition = {3rd},
note  =  {\url{https://www.pbr-book.org}, Accessed: 10.3.2022}
}

@misc{computergraphicsAndImageProcessing,
title = {Computergrafik und Bildverarbeitung : Band I: Computergrafik},
series = {SpringerLink},
author = {Nischwitz, Alfred},
editor = {Fischer, Max and Haberäcker, Peter and Gudrun Socher},
address = {Wiesbaden},
publisher = {Vieweg+Teubner Verlag},
year = {2012},
edition = {3., neu bearbeitete Auflage},
isbn = {9783834883230},
size = {Online-Ressource (XIV, 532S. 201 Abb, digital)},
keywords = { ; Computer science / Computer vision / Computer Science ; Computergrafik / OpenGL},
URL = {https://swbplus.bsz-bw.de/bsz363409483cov.jpg ; https://swbplus.bsz-bw.de/bsz351440720inh.htmhttps://doi.org/10.1007/978-3-8348-8323-0},
}

@misc{nvidiaTuringArchitecture,
  title = {NVIDIA TURING GPU ARCHITECTURE},
  author = {NVidia},
  note  =  {\url{https://images.nvidia.com/aem-dam/en-zz/Solutions/design-visualization/technologies/turing-architecture/NVIDIA-Turing-Architecture-Whitepaper.pdf}, Accessed: 10.3.2022}
}

@misc{nvidiaAmpereArchitecture,
  title = {NVIDIA AMPERE GA102 GPU ARCHITECTURE},
  author = {NVidia},
  note  =  {\url{https://www.nvidia.com/content/PDF/nvidia-ampere-ga-102-gpu-architecture-whitepaper-v2.pdf}, Accessed: 10.3.2022}
}



@misc{moanaIsland,
  title = {Moana island scene},
  author = {Walt Disney animation studios},
  note  =  {\url{https://www.disneyanimation.com/resources/moana-island-scene/}, Accessed: 10.3.2022}
}